@article{tibshirani,
  title={Regression shrinkage and selection via the lasso},
  author={Tibshirani, Robert},
  journal={Journal of the Royal Statistical Society. Series B (Methodological)},
  pages={267--288},
  year={1996},
  publisher={JSTOR}
}

@article{hoerl,
	title={Ridge regression: Biased estimation for nonorthogonal problems},
	author={Hoerl, Arthur E and Kennard, Robert W},
	journal={Technometrics},
	volume={12},
	number={1},
	pages={55--67},
	year={1970},
	publisher={Taylor \& Francis Group}
}

@inproceedings{mccallum,
	title={A comparison of event models for naive bayes text classification},
	author={McCallum, Andrew and Nigam, Kamal and others},
	booktitle={AAAI-98 workshop on learning for text categorization},
	volume={752},
	pages={41--48},
	year={1998},
	organization={Citeseer}
}

@article{suykens,
	title={Least squares support vector machine classifiers},
	author={Suykens, Johan AK and Vandewalle, Joos},
	journal={Neural processing letters},
	volume={9},
	number={3},
	pages={293--300},
	year={1999},
	publisher={Springer}
}

@article{breiman,
	title={Bias, variance, and arcing classifiers},
	author={Breiman, Leo},
	year={1996},
	publisher={Tech. Rep. 460, Statistics Department, University of California, Berkeley, CA, USA}
}

@article{ratsch,
	title={An improvement of AdaBoost to avoid overfitting},
	author={R{\"a}tsch, Gunnar and Onoda, Takashi and M{\"u}ller, Klaus Robert},
	journal={Proc. of the Int. Conf. on Neural Information Processing},
	year={1998}
}